
%%% Books
@Book{balanis2016antenna,
 author = {Balanis, Constantine},
 title = {Antenna theory: Analysis and Design},
 publisher = {John Wiley},
 year = {2016},
 address = {Hoboken, New Jersey},
 isbn = {9781118642061}
 }

%%% Online
@online{PrimeAir,
  author="Amazon",
  title="Amazon Prime Air",
  type="Webpage",
  year="2019",
  url="https://www.amazon.com/b?node=8037720011",
  url-date="2019-05-09"
}

@online{LearnOpenGL,
  author="Joey de Vries",
  title="OpenGL - Coordinate Systems",
  type="Webpage",
  year="2014",
  url="https://learnopengl.com/Getting-started/Coordinate-Systems",
  url-date="2019-05-24"
}

@online{cfr,
  author="cfr",
  title="More elegant way to achieve this same camera perspective projection model?",
  type="Webpage",
  year="2016",
  url="https://tex.stackexchange.com/questions/96074/more-elegant-way-to-achieve-this-same-camera-perspective-projection-model",
  url-date="2019-05-25"
}

@online{DatasetSplitting,
  author="Tarang Shah",
  title="About Train, Validation and Test Sets in Machine Learning",
  type="Webpage",
  year="2017",
  url="https://towardsdatascience.com/train-validation-and-test-sets-72cb40cba9e7",
  url-date="2019-05-21"
}

@online{Ehang184,
  author="Marco Margaritoff",
  title="Watch the Ehang 184 Passenger Drone Successfully Taxi Someone Around",
  type="Webpage",
  year="2018",
  url="https://www.thedrive.com/aerial/18261/watch-the-ehang-184-passenger-drone-successfully-taxi-someone-around",
  url-date="2019-05-09"
}

@online{PrimeAirFirst,
  author="Berkeley Lovelace Jr.",
  title="The future arrives? Amazon's Prime Air completes its first drone
  delivery",
  type="Article",
  year="2016",
  url="https://www.cnbc.com/2016/12/14/the-future-arrives-amazons-prime-air-completes-its-first-drone-delivery.html",
  url-date="2019-05-09"
}

@online{LockheedDRL,
  author="Danny Paez",
  title="The Future of Autonomous Drones Could Be Built on a Neon Race Track",
  type="Article",
  year="2018",
  url="https://www.inverse.com/article/48652-drl-lockheed-martin-autonomous-drone-challenge",
  url-date="2019-05-09"
}

@online{DRL,
  author="Drone Racing League",
  title="Drone Racing League - Learn more",
  type="Webpage",
  year="2019",
  url="https://thedroneracingleague.com/learn-more/",
  url-date="2019-05-09"
}

@online{DRLRecord,
  author="BT",
  title="The Drone Racing League has set a new world record for the fastest
  drone around",
  type="Article",
  year="2017",
  url="https://home.bt.com/tech-gadgets/tech-news/the-drone-racing-league-has-set-a-new-world-record-for-the-fastest-drone-around-11364196881110",
  url-date="2019-05-09"
}

@online{TopTal,
  author="Francesco Castellano",
  title="Commercial Drones Are Revolutionizing Business Operations",
  type="Article",
  year="2019",
  url="https://www.toptal.com/finance/market-research-analysts/drone-market",
  url-date="2019-05-09"
}

@online{Goldman,
  author="Goldman Sachs",
  title="Drones Reporting for Work",
  type="webpage",
  year="2019",
  url="https://www.goldmansachs.com/insights/technology-driving-innovation/drones/",
  url-date="2019-06-03"
}

@online{Yocto,
  title="Yocto Project",
  type="Webpage",
  year="2019",
  url="https://www.yoctoproject.org/",
  url-date="2019-05-15"
}

@INPROCEEDINGS{6385934,
  author={F. {Fraundorfer} and L. {Heng} and D. {Honegger} and G. H. {Lee} and
          L. {Meier} and P. {Tanskanen} and M. {Pollefeys}},
  booktitle={2012 IEEE/RSJ International Conference on Intelligent Robots and Systems},
  title={Vision-based autonomous mapping and exploration using a quadrotor MAV},
  year={2012},
  volume={},
  number={},
  pages={4557-4564},
  keywords={autonomous aerial vehicles;distance measurement;graph
            theory;helicopters;image sequences;optimisation;pose
            estimation;robot vision;stereo image processing;wireless
            LAN;vision-based autonomous mapping;quadrotor MAV;autonomous
            vision;autonomous exploration;front-looking stereo
            camera;exteroceptive sensor;vector field histogram+ algorithm;local
            navigation;frontier-based exploration algorithm;bug
            algorithm;autonomous wall-following;substitute exploration
            algorithm;3D global occupancy map;Wi-Fi;pose-graph
            optimization;loop closure detection;vocabulary tree;pose
            estimation;optical flow;downward-looking
            camera;microcontroller;visual odometry
            measurement;Cameras;Visualization;Simultaneous localization and
            mapping;Optical sensors;Estimation;Optical imaging;Optical
            variables measurement},
  doi={10.1109/IROS.2012.6385934},
  ISSN={2153-0866},
  month={10}
}

@misc{1511.04668,
  Author = {Dong Ki Kim and Tsuhan Chen},
  Title = {Deep Neural Network for Real-Time Autonomous Indoor Navigation},
  Year = {2015},
  Eprint = {arXiv:1511.04668},
}

@misc{1707.05303,
  Author = {Paul Drews and Grady Williams and Brian Goldfain and Evangelos A.
            Theodorou and James M. Rehg},
  Title = {Aggressive Deep Driving: Model Predictive Control with a CNN Cost Model},
  Year = {2017},
  Eprint = {arXiv:1707.05303},
}

@misc{1801.05086,
  Author = {Huy X. Pham and Hung M. La and David Feil-Seifer and Luan V. Nguyen},
  Title = {Autonomous UAV Navigation Using Reinforcement Learning},
  Year = {2018},
  Eprint = {arXiv:1801.05086},
}

@article{dronet,
  doi = {10.1109/lra.2018.2795643},
  url = {https://doi.org/10.1109/lra.2018.2795643},
  year = {2018},
  month = apr,
  publisher = {Institute of Electrical and Electronics Engineers ({IEEE})},
  volume = {3},
  number = {2},
  pages = {1088--1095},
  author = {Antonio Loquercio and Ana I. Maqueda and Carlos R. del-Blanco and
            Davide Scaramuzza},
  title = {{DroNet}: Learning to Fly by Driving},
  journal = {{IEEE} Robotics and Automation Letters}
}

@article{Sanket2018,
  doi = {10.1109/lra.2018.2843445},
  url = {https://doi.org/10.1109/lra.2018.2843445},
  year = {2018},
  month = oct,
  publisher = {Institute of Electrical and Electronics Engineers ({IEEE})},
  volume = {3},
  number = {4},
  pages = {2799--2806},
  author = {Nitin J. Sanket and Chahat Deep Singh and Kanishka Ganguly and
            Cornelia Fermuller and Yiannis Aloimonos},
  title = {{GapFlyt}: Active Vision Based Minimalist Structure-Less Gap
           Detection For Quadrotor Flight},
  journal = {{IEEE} Robotics and Automation Letters}
}

@article{DeepDroneRacing,
  title={Deep Drone Racing: Learning Agile Flight in Dynamic Environments},
  author={Kaufmann, Elia and Loquercio, Antonio and Ranftl, Rene and
          Dosovitskiy, Alexey and Koltun, Vladlen and Scaramuzza, Davide},
  journal={arXiv preprint arXiv:1806.08548},
  year={2018}
}


@article{Jung2018,
  doi = {10.1109/lra.2018.2808368},
  url = {https://doi.org/10.1109/lra.2018.2808368},
  year = {2018},
  month = jul,
  publisher = {Institute of Electrical and Electronics Engineers ({IEEE})},
  volume = {3},
  number = {3},
  pages = {2539--2544},
  author = {Sunggoo Jung and Sunyou Hwang and Heemin Shin and David Hyunchul Shim},
  title = {Perception,  Guidance,  and Navigation for Indoor Autonomous Drone
           Racing Using Deep Learning},
  journal = {{IEEE} Robotics and Automation Letters}
}

@misc{1809.05958,
  Author = {S. Li and M. M. O. I. Ozo and C. De Wagter and G. C. H. E. de
            Croon},
  Title = {Autonomous drone race: A computationally efficient vision-based
           navigation and control strategy},
  Year = {2018},
  Eprint = {arXiv:1809.05958}
}

@article{kaufmann2018beauty,
  title={Beauty and the Beast: Optimal Methods Meet Learning for Drone Racing},
  author={Kaufmann, Elia and Gehrig, Mathias and Foehn, Philipp and Ranftl,
          Ren{\'e} and Dosovitskiy, Alexey and Koltun, Vladlen and Scaramuzza,
          Davide},
  journal={arXiv preprint arXiv:1810.06224},
  year={2018}
}

@article{Yohanandan,
  doi = {10.13140/rg.2.2.30218.31684},
  url = {http://rgdoi.net/10.13140/RG.2.2.30218.31684},
  author = {{Shivanthan Yohanandan} and Song,  Andy and Dyer,  Adrian G and
            Faragasso,  Angela and {Subhrajit Roy} and {Dacheng Tao}},
  language = {en},
  title = {Fast Efficient Object Detection Using Selective Attention},
  publisher = {Unpublished},
  year = {2018}
}

@online{ROS,
  author="ROS",
  title="Robot Operating System",
  type="Webpage",
  year="2019",
  url="http://www.ros.org/",
  url-date="2019-05-09"
}

@ARTICLE{41400,
  author={Y. {Le Cun} and L. D. {Jackel} and B. {Boser} and J. S. {Denker} and
          H. P. {Graf} and I. {Guyon} and D. {Henderson} and R. E. {Howard} and
          W. {Hubbard}},
  journal={IEEE Communications Magazine},
  title={Handwritten digit recognition: applications of neural network chips
         and automatic learning},
  year={1989},
  volume={27},
  number={11},
  pages={41-46},
  keywords={digital signal processing chips;learning systems;neural
  	    nets;optical character recognition;pattern recognition;character
  	    recognition;neural network chips;automatic learning;handwritten
  	    digit recognition;line thinning;feature extraction;local template
  	    matching;digital signal processor;postal zip codes;Handwriting
  	    recognition;Neural networks;Feature extraction;Digital signal
  	    processors},
  doi={10.1109/35.41400},
  ISSN={0163-6804},
  month={11}
}

@misc{1409.0575,
  Author = {Olga Russakovsky and Jia Deng and Hao Su and Jonathan Krause and
            Sanjeev Satheesh and Sean Ma and Zhiheng Huang and Andrej Karpathy
            and Aditya Khosla and Michael Bernstein and Alexander C. Berg and
            Li Fei-Fei},
  Title = {ImageNet Large Scale Visual Recognition Challenge},
  Year = {2014},
  Eprint = {arXiv:1409.0575},
}

@article{SIFT,
  doi = {10.4249/scholarpedia.10491},
  url = {https://doi.org/10.4249/scholarpedia.10491},
  year = {2012},
  publisher = {Scholarpedia},
  volume = {7},
  number = {5},
  pages = {10491},
  author = {Tony Lindeberg},
  title = {Scale Invariant Feature Transform},
  journal = {Scholarpedia}
}

@INPROCEEDINGS{SIFT_2,
  author={D. G. {Lowe}},
  booktitle={Proceedings of the Seventh IEEE International Conference on Computer Vision},
  title={Object recognition from local scale-invariant features},
  year={1999},
  volume={2},
  number={},
  pages={1150-1157 vol.2},
  keywords={object recognition;feature extraction;computational geometry;image
            matching;least squares approximations;local scale-invariant
            features;local image features;3D projection;inferior temporal
            cortex;primate vision;staged filtering approach;local geometric
            deformations;blurred image gradients;multiple orientation
            planes;nearest neighbor indexing method;candidate object
            matches;low residual least squares solution;unknown model
            parameters;robust object recognition;cluttered partially occluded
            images;computation time;Object recognition;Electrical capacitance
            tomography;Image recognition;Lighting;Neurons;Computer
            science;Reactive power;Filters;Programmable logic arrays;Layout},
  doi={10.1109/ICCV.1999.790410},
  ISSN={},
  month={9}
}

@incollection{NIPS1989_293,
  title = {Handwritten Digit Recognition with a Back-Propagation Network},
  author = {LeCun, Yann and Bernhard E. Boser and John S. Denker and Donnie
            Henderson and R. E. Howard and Wayne E. Hubbard and Lawrence D.
            Jackel},
  booktitle = {Advances in Neural Information Processing Systems 2},
  editor = {D. S. Touretzky},
  pages = {396--404},
  year = {1990},
  publisher = {Morgan-Kaufmann},
  url = {http://papers.nips.cc/paper/293-handwritten-digit-recognition-with-a-back-propagation-network.pdf}
}


@inproceedings{MixedPooling,
  author = {Yu, Dingjun and Wang, Hanli and Chen, Peiqiu and Wei, Zhihua},
  year = {2014},
  month = {10},
  pages = {364-375},
  title = {Mixed Pooling for Convolutional Neural Networks},
  isbn = {978-3-319-11739-3},
  doi = {10.1007/978-3-319-11740-9_34}
}

@InProceedings{He_2016_CVPR,
  author = {He, Kaiming and Zhang, Xiangyu and Ren, Shaoqing and Sun, Jian},
  title = {Deep Residual Learning for Image Recognition},
  booktitle = {The IEEE Conference on Computer Vision and Pattern Recognition (CVPR)},
  month = {6},
  year = {2016}
}

@article{ResnetBehavior,
  author = {Veit, Andreas and Wilber, Michael and Belongie, Serge},
  year = {2016},
  month = {05},
  pages = {},
  title = {Residual Networks Behave Like Ensembles of Relatively Shallow Networks},
  journal = {Advances in Neural Information Processing Systems}
}

@article{CrossVal,
  author = {Refaeilzadeh, Payam and Tang, Lei and Liu, Huan},
  year = {2009},
  month = {01},
  pages = {532-538},
  title = {Cross-Validation},
  volume = {532–538},
  journal = {Encyclopedia of Database Systems},
  doi = {10.1007/978-0-387-39940-9_565}
}

@book{Goodfellow-et-al-2016,
  title={Deep Learning},
  author={Ian Goodfellow and Yoshua Bengio and Aaron Courville},
  publisher={MIT Press},
  note={\url{http://www.deeplearningbook.org}},
  year={2016}
}

@article{Dropout,
  author  = {Nitish Srivastava and Geoffrey Hinton and Alex Krizhevsky and Ilya
             Sutskever and Ruslan Salakhutdinov},
  title   = {Dropout: A Simple Way to Prevent Neural Networks from
             Overfitting},
  journal = {Journal of Machine Learning Research},
  year    = {2014},
  volume  = {15},
  pages   = {1929-1958},
  url     = {http://jmlr.org/papers/v15/srivastava14a.html}
}

@article{Cutout,
  author = {DeVries, Terrance and W. Taylor, Graham},
  year = {2017},
  month = {08},
  pages = {},
  title = {Improved Regularization of Convolutional Neural Networks with
           Cutout}
}

@inproceedings{MobileNetV2,
  author = {Sandler, Mark and Howard, Andrew and Zhu, Menglong and Zhmoginov,
            Andrey and Chen, Liang-Chieh},
  year = {2018},
  month = {06},
  pages = {4510-4520},
  title = {MobileNetV2: Inverted Residuals and Linear Bottlenecks},
  doi = {10.1109/CVPR.2018.00474}
}

@article{MobileNet,
  author = {G. Howard, Andrew and Zhu, Menglong and Chen, Bo and Kalenichenko,
            Dmitry and Wang, Weijun and Weyand, Tobias and Andreetto, Marco and
            Adam, Hartwig},
  year = {2017},
  month = {04},
  pages = {},
  title = {MobileNets: Efficient Convolutional Neural Networks for Mobile Vision Applications}
}

@article{PedestrianDetection,
  author = {Vázquez, David and López, Antonio and Marín, Javier and Ponsa,
            Daniel and Geronimo, David},
  year = {2014},
  month = {08},
  pages = {},
  title = {Virtual and Real World Adaptation for Pedestrian Detection},
  journal = {IEEE Transactions on Pattern Analysis and Machine Intelligence},
  doi = {10.1109/TPAMI.2013.163}
}

@article{CheungWBM17,
  author    = {Ernest Cheung and
               Tsan Kwong Wong and
               Aniket Bera and
               Dinesh Manocha},
  title     = {{STD-PD:} Generating Synthetic Training Data for Pedestrian Detection
               in Unannotated Videos},
  journal   = {CoRR},
  volume    = {abs/1707.09100},
  year      = {2017},
  url       = {http://arxiv.org/abs/1707.09100},
  archivePrefix = {arXiv},
  eprint    = {1707.09100},
  timestamp = {Mon, 13 Aug 2018 16:48:38 +0200},
  biburl    = {https://dblp.org/rec/bib/journals/corr/CheungWBM17},
  bibsource = {dblp computer science bibliography, https://dblp.org}
}

@online{OpenGL,
  author = "Khronos Group",
  url = "https://www.opengl.org/",
  year = "1997",
  type="Webpage"
}

@online{ModernGL,
  author = "Szabolcs Dombi",
  url = "https://github.com/moderngl/moderngl",
  year = "2010",
  type="Webpage"
}

@online{Pyrr,
  author = {Adam Griffiths},
  url = "https://github.com/adamlwgriffiths/Pyrr",
  year = "2012",
  type="Webpage"
}

@online{OpenCVCalibration,
  author = {OpenCV},
  url = "https://docs.opencv.org/3.1.0/d9/d0c/group__calib3d.html#details",
  year = "2015",
  type="Webpage"
}

@article{TSNE,
  author = {E. Hinton, G},
  year = {2008},
  month = {01},
  pages = {2579-2605},
  title = {Visualizing High-Dimensional Data Using t-SNE},
  volume = {9},
  journal = {Journal of Machine Learning Research}
}

@misc{Adam,
  Author = {Diederik P. Kingma and Jimmy Ba},
  Title = {Adam: A Method for Stochastic Optimization},
  Year = {2014},
  Eprint = {arXiv:1412.6980},
}

@article{Moon,
  author = {Moon, Hyungpil and Martinez-Carranza, Jose and Cieslewski, Titus
            and Faessler, Matthias and Falanga, Davide and Simovic, Alessandro
            and Scaramuzza, Davide and Li, Shuo and Ozo, Michael and De Wagter,
            Christophe and Croon, Guido and Hwang, Sunyou and Jung, Sunggoo and
            Shim, Hyunchul and Kim, Haeryang and Park, Minhyuk and Au, Tsz-Chiu
            and Kim, si-jung},
  year = {2019},
  month = {01},
  pages = {},
  title = {Challenges and implemented technologies used in autonomous drone
           racing},
  volume = {12},
  journal = {Intelligent Service Robotics},
  doi = {10.1007/s11370-018-00271-6}
}


@INPROCEEDINGS{Mellinger2011ICRA,
  author={D. Mellinger and V. Kumar},
  booktitle={Robotics and Automation (ICRA), 2011 IEEE International Conference
             on},
  title={{Minimum snap trajectory generation and control for quadrotors}},
  year={2011},
  pages={2520-2525},
  month={May}
}


@INPROCEEDINGS{Sarabakha2016CDC,
  author={A. Sarabakha and E. Kayacan},
  booktitle={2016 IEEE 55th Conference on Decision and Control (CDC)},
  title={{Y6 Tricopter Autonomous Evacuation in an Indoor Environment Using
         Q-learning Algorithm}},
  year={2016},
  volume={},
  number={},
  pages={5992-5997},
  ISSN={},
  month={Dec}
}

@ARTICLE{Mahony2012RAM,
  author={R. Mahony and V. Kumar and P. Corke},
  journal={IEEE Robotics Automation Magazine},
  title={{Multirotor Aerial Vehicles: Modeling, Estimation, and Control of
         Quadrotor}},
  year={2012},
  volume={19},
  number={3},
  pages={20-32},
  month={Sept}
}

